https://developer.akamai.com/blog/2016/09/14/mobile-load-time-user-abandonment

@INPROCEEDINGS{5279616,
  author={Tian, Chao and Zhou, Haojie and He, Yongqiang and Zha, Li},
  booktitle={2009 Eighth International Conference on Grid and Cooperative Computing},
  title={A Dynamic MapReduce Scheduler for Heterogeneous Workloads},
  year={2009},
  volume={},
  number={},
  pages={218-224},
  doi={10.1109/GCC.2009.19}
}

@INPROCEEDINGS{7098234,
  author={Patel, Jemishkumar and Jindal, Vasu and Yen, I-Ling and Bastani,
          Farokh and Xu, Jie and Garraghan, Peter},
  booktitle={2015 IEEE Twelfth International Symposium on Autonomous Decentralized Systems},
  title={Workload Estimation for Improving Resource Management Decisions in the Cloud},
  year={2015},
  volume={},
  number={},
  pages={25-32},
  doi={10.1109/ISADS.2015.17}
}

