@article{RemusDB,
author = {Minhas, Umar Farooq and Rajagopalan, Shriram and Cully, Brendan and Aboulnaga, Ashraf and Salem, Kenneth and Warfield, Andrew},
title = {RemusDB: Transparent High Availability for Database Systems},
year = {2011},
issue_date = {August 2011},
publisher = {VLDB Endowment},
volume = {4},
number = {11},
issn = {2150-8097},
journal = {Proc. VLDB Endow.},
month = {aug},
pages = {738-748},
numpages = {11}
}

@inproceedings{Dangers,
author = {Gray, Jim and Helland, Pat and O'Neil, Patrick and Shasha, Dennis},
title = {The Dangers of Replication and a Solution},
year = {1996},
isbn = {0897917944},
publisher = {Association for Computing Machinery},
address = {New York, NY, USA},
booktitle = {Proceedings of the 1996 ACM SIGMOD International Conference on Management of Data},
pages = {173-182},
numpages = {10},
location = {Montreal, Quebec, Canada},
series = {SIGMOD '96}
}

@inproceedings{Remus,
author = {Cully, Brendan and Lefebvre, Geoffrey and Meyer, Dutch and Feeley, Mike and Hutchinson, Norm and Warfield, Andrew},
title = {Remus: High Availability via Asynchronous Virtual Machine Replication},
year = {2008},
isbn = {1119995555221},
publisher = {USENIX Association},
address = {USA},
booktitle = {Proceedings of the 5th USENIX Symposium on Networked Systems Design and Implementation},
pages = {161-174},
numpages = {14},
location = {San Francisco, California},
series = {NSDI'08}
}

@article{Scales2010TheDA,
  title={The Design and Evaluation of a Practical System for Fault-Tolerant Virtual Machines},
  author={Scales, Daniel J. and Venkitachalam, Ganesh},
  journal={Operating Systems Review},
  year={2010}
}

@article{Hypervisor,
author = {Bressoud, T. C. and Schneider, F. B.},
title = {Hypervisor-Based Fault Tolerance},
year = {1995},
issue_date = {Dec. 3, 1995},
publisher = {Association for Computing Machinery},
address = {New York, NY, USA},
volume = {29},
number = {5},
issn = {0163-5980},
journal = {SIGOPS Oper. Syst. Rev.},
month = {dec},
pages = {1-11},
numpages = {11}
}

@online{CRIU,
  title = {{CRIU} website},
  url = {https://criu.org/Main_Page},
  urldate = {2022-03-06}
}

@inproceedings{YCSB,
author = {Cooper, Brian F. and Silberstein, Adam and Tam, Erwin and Ramakrishnan, Raghu and Sears, Russell},
title = {Benchmarking Cloud Serving Systems with YCSB},
year = {2010},
isbn = {9781450300360},
publisher = {Association for Computing Machinery},
address = {New York, NY, USA},
booktitle = {Proceedings of the 1st ACM Symposium on Cloud Computing},
pages = {143-154},
numpages = {12},
keywords = {benchmarking, cloud serving database},
location = {Indianapolis, Indiana, USA},
series = {SoCC '10}
}
